@article{astyx,
  title = {Automotive Radar Dataset for Deep Learning Based 3D Object
    Detection},
  author = {Meyer, Michael and Kuschk, Georg},
  journal = {European Radar Conference},
  year = {2019},
  pages = {129 - 132}
}

@techreport{astyx-spec,
  title = {Astyx Dataset specification},
  author = {Georg Kuschk},
  publisher = {Astyx Communication \& sensors},
  howpublished = {Available at
    \url{https://www.astyx.com/fileadmin/redakteur/dokumente/\
    Astyx_Dataset_HiRes2019_specification.pdf}},
  year = {2020}
}

@misc{car-sizes,
  title = {Understanding car size and dimensions},
  howpublished = {Available at
    \url{https://www.nationwidevehiclecontracts.co.uk/guides/ask-nvc/\
    understanding-car-size-and-dimensions}},
  year = {2020}
}

